@Misc{ref:lectureNotes,
OPTkey = {},
author = {Fisher, B.},
title = {IVR Lecture Notes},
OPThowpublished = {},
OPTmonth = {},
year = {2011},
note = {University of Edinburgh},
OPTannote = {}
}
Book{ref:digitalProcessing,
  author = 	 {Solomon, C.J. and Breckon, T.P.},
  title = 	 {Fundamentals of Digital Image Processing: A Practical Approach with Examples in Matlab},
  publisher = 	 {Wiley-Blackwell},
  year = 	 {2010},
  ALTisbn = {0470844736},
  comment ={},
  note = {ISBN-13: 978-0470844731},
}

@Book{,
ALTauthor = {},
ALTeditor = {},
title = {},
publisher = {},
year = {},
OPTkey = {},
OPTvolume = {},
OPTnumber = {},
OPTseries = {},
OPTaddress = {},
OPTedition = {},
OPTmonth = {},
OPTnote = {},
OPTannote = {}
}
